%References â€” should include a list of all the sources referred to in the main text. These should include papers, books, and online resources such as code and data repositories. I recommend using the IEEE referencing style, but you may use others providing you are consistent.
@misc{nih_mobility_guideline,
  author       = {Epidemiology and Biostatistics Section, Rehabilitation Medicine Department, NIH Clinical Center},
  title        = {Annotation Guideline for Free-Text Activity Functioning Information: Mobility},
  year         = {2021},
  institution  = {National Institutes of Health Clinical Center},
  url          = {https://www.cc.nih.gov/rehab/eb},
  note         = {Accessed May 2025}
}
@article{kumar2024gpt,
  title={Can GPT-3.5 generate and code discharge summaries?},
  author={Kumar, Abhishek and Rajkomar, Alvin},
  journal={Journal of the American Medical Informatics Association},
  volume={31},
  number={10},
  pages={2284--2292},
  year={2024},
  publisher={Oxford University Press},
  doi={10.1093/jamia/ocae133}
}
@article{low2020,
  author    = {Low, David M. and Rumker, Leah and Talker, Taylor and Torous, John and Cecchi, Guillermo and Ghosh, Sujit S.},
  title     = {Natural Language Processing Reveals Vulnerable Mental Health Support Groups and Heightened Health Anxiety on Reddit During COVID-19: Observational Study},
  journal   = {Journal of Medical Internet Research},
  volume    = {22},
  number    = {10},
  pages     = {e22635},
  year      = {2020},
  doi       = {10.2196/22635}
}

@article{blei2003,
  title     = {Latent Dirichlet Allocation},
  author    = {Blei, David M. and Ng, Andrew Y. and Jordan, Michael I.},
  journal   = {Journal of Machine Learning Research},
  volume    = {3},
  pages     = {993--1022},
  year      = {2003},
  doi       = {10.1162/jmlr.2003.3.4-5.993}
}

@article{huang2019,
  title     = {ClinicalBERT: Modeling Clinical Notes and Predicting Hospital Readmission},
  author    = {Huang, Kexin and Altosaar, Jaan and Ranganath, Rajesh},
  year      = {2020},
  url       = {https://arxiv.org/abs/1904.05342}
}

@article{newman-griffis2019bh,
  author       = {D. Newman-Griffis and J. Porcino and A. Zirikly and T. Thieu and J. Camacho Maldonado and P.-S. Ho and M. Ding and L. Chan and E. Rasch},
  title        = {Broadening horizons: the case for capturing function and the role of health informatics in its use},
  journal      = {BMC Public Health},
  volume       = {19},
  number        = {1288},
  year         = {2019},
  doi          = {10.1186/s12889-019-7630-3}
}

@inproceedings{thieu2017,
  author    = {T. Thieu and J. Camacho and P.-S. Ho and J. Porcino and M. Ding and L. Nelson and E. Rasch and C. Zhou and L. Chan and D. Newman-Griffis and D. Brandt and A. Yuan and A.~M. Lai},
  title     = {Inductive identification of functional status information and establishing a gold standard corpus: A case study on the mobility domain},
  booktitle = {Proceedings of the 2017 IEEE International Conference on Bioinformatics and Biomedicine (BIBM)},
  year      = {2017},
  pages     = {2319--2321},
  doi       = {10.1109/BIBM.2017.8218042}
}

@article{le2023,
  author    = {T.-D. Le and Z. Miao and S. Alvarado and B. Smith and W. Paiva and T. Thieu},
  title     = {Leveraging Deep Active Learning to Identify Low-Resource Mobility Functioning Information in Public Clinical Notes},
  year      = {2023},
  doi       = {10.48550/arXiv.2311.15946}
}

@article{newman-griffis2019hare,
  author       = {D. Newman-Griffis and E. Fosler-Lussier},
  title        = {HARE: a Flexible Highlighting Annotator for Ranking and Exploration},
  booktitle    = {Proceedings of the 2019 Conference on Empirical Methods in Natural Language Processing and the 9th International Joint Conference on Natural Language Processing (EMNLP-IJCNLP): System Demonstrations},
  pages        = {85--90},
  year         = {2019},
  doi          = {10.18653/v1/D19-3015}
}

@article{houssein2023,
  author    = {E. H. Houssein and R. E. Mohamed and A. A. Ali},
  title     = {Heart disease risk factors detection from electronic health records using advanced NLP and deep learning techniques},
  journal   = {Scientific Reports},
  volume    = {13},
  year      = {2023},
  doi       = {10.1038/s41598-023-34294-6}
}

@article{hong2020,
  author    = {J. C. Hong and A. T. Fairchild and J. P. Tanksley and M. Palta and J. D. Tenenbaum},
  title     = {Natural language processing for abstraction of cancer treatment toxicities: accuracy versus human experts},
  journal   = {JAMIA Open},
  volume    = {3},
  number    = {4},
  pages     = {513--517},
  year      = {2020},
  doi       = {10.1093/jamiaopen/ooaa064}
}

@misc{MobilityGuideline2023,
  title        = {Annotation Guideline for Free-Text Activity Functioning Information: Mobility},
  howpublished = {\url{https://doi.org/10.5281/zenodo.11074838}},
  year         = {2023},
  note         = {Zenodo}
}

@misc{SelfCareGuideline2023,
  title        = {Annotation Guideline for Free-Text Activity Functioning Information: Self-Care \& Domestic Life},
  howpublished = {\url{https://doi.org/10.5281/zenodo.11210183}},
  year         = {2023},
  note         = {Zenodo}
}

@misc{InterpersonalGuideline2023,
  title        = {Annotation Guideline for Free-Text Activity Functioning Information: Interpersonal Interactions \& Relationships},
  howpublished = {\url{https://doi.org/10.5281/zenodo.13774684}},
  year         = {2023},
  note         = {Zenodo}
}

@misc{CommCognitionGuideline2023,
  title        = {Annotation Guideline for Free-Text Activity Functioning Information: Communication \& Cognition},
  howpublished = {\url{https://doi.org/10.5281/zenodo.13910167}},
  year         = {2023},
  note         = {Zenodo}
}

@article{greenes2018,
  author    = {R. A. Greenes and D. W. Bates and K. Kawamoto and B. Middleton and J. Osheroff and Y. Shahar},
  title     = {Clinical decision support models and frameworks: Seeking to address research issues underlying implementation successes and failures},
  journal   = {Journal of Biomedical Informatics},
  volume    = {78},
  pages     = {134--143},
  year      = {2018},
  doi       = {10.1016/j.jbi.2017.12.005}
}

@article{eisman2021,
  author    = {A. S. Eisman and N. R. Shah and C. Eickhoff and G. Zerveas and E. S. Chen and W. C. Wu and I. N. Sarkar},
  title     = {Extracting Angina Symptoms from Clinical Notes Using Pre-Trained Transformer Architectures},
  journal   = {AMIA Annual Symposium Proceedings},
  year      = {2021},
  pages     = {412--421},
  url       = {https://pmc.ncbi.nlm.nih.gov/articles/PMC8075440/}
}

@article{zheng2010,
  author    = {H.-T. Zheng and C. Borchert and H.-G. Kim},
  title     = {GOClonto: an ontological clustering approach for conceptualizing PubMed abstracts},
  journal   = {Journal of Biomedical Informatics},
  volume    = {43},
  number    = {1},
  pages     = {31--40},
  year      = {2010},
  doi       = {10.1016/j.jbi.2009.07.006}
}

@article{newman-griffis2020auto,
  author    = {D. Newman-Griffis and E. Fosler-Lussier},
  title     = {Automated Coding of Under-Studied Medical Concept Domains: Linking Physical Activity Reports to the International Classification of Functioning, Disability, and Health},
  year      = {2021},
  doi       = {10.3389/fdgth.2021.620828}
}

@misc{mimiciv,
  author       = {Alistair E. W. Johnson and Lucas Bulgarelli and Tom J. Pollard and Steven Horng and Leo Anthony Celi and Roger G. Mark},
  title        = {MIMIC-IV (version 3.1)},
  year         = {2023},
  howpublished = {\url{https://physionet.org/content/mimiciv/3.1/}},
  note         = {Accessed: 2025-05-21}
}